@article{Conneau2018WordTW,
  title={Word Translation Without Parallel Data},
  author={Alexis Conneau and Guillaume Lample and Marc'Aurelio Ranzato and Ludovic Denoyer and Herv{\'e} J{\'e}gou},
  journal={CoRR},
  year={2018},
  volume={abs/1710.04087}
}